
@misc{gcc,
title = {{GNU gcc}},
note = {at: \url{http://gcc.gnu.org/}},
    author = {Free Software Foundation}}

@misc{persistent,
title = {{Persistent data structures}},
note = {at: \url{https://en.wikipedia.org/wiki/Persistent_data_structure}},
}

@misc{funfact,
title = {{Name origin}},
note = {at: \url{https://en.wikipedia.org/wiki/Red%E2%80%93black_tree}},
}

@misc{cases,
title = {{Red Black Tree Deletion}},
note = {at: \url{https://www.youtube.com/watch?v=CTvfzU_uNKE}},
}

